
@misc{information_national_nodate,
	title = {National {Center} for {Biotechnology} {Information}},
	url = {https://www.ncbi.nlm.nih.gov/},
	language = {en},
	urldate = {2021-01-02},
	author = {Information, National Center for Biotechnology and Pike, U. S. National Library of Medicine 8600 Rockville and MD, Bethesda and Usa, 20894},
	file = {Snapshot:/home/alba/Zotero/storage/WN6F4NED/www.ncbi.nlm.nih.gov.html:text/html},
}

@misc{noauthor_genbank_nodate,
	title = {{GenBank} {Overview}},
	url = {https://www.ncbi.nlm.nih.gov/genbank/},
	urldate = {2021-01-02},
	file = {GenBank Overview:/home/alba/Zotero/storage/3GHBRXAP/genbank.html:text/html},
}
